<?xml version="1.0" encoding="UTF-8"?><collection xmlns="http://www.loc.gov/MARC21/slim"><record><leader>00525nam--2200181-i-4500</leader><controlfield tag="001">000012687</controlfield><controlfield tag="002">20161230</controlfield><controlfield tag="005">20170108122759</controlfield><controlfield tag="008">060222s1000------------r-----000-0-eng-d</controlfield><datafield ind1=" " ind2=" " tag="080"><subfield code="a">539.L2.01(047.3)</subfield></datafield><datafield ind1=" " ind2=" " tag="100"><subfield code="a">Abarbanel, Henry D. I</subfield></datafield><datafield ind1=" " ind2=" " tag="245"><subfield code="a">Questions of quark confinement and ambigu- ities in coulomb gauge of yang-mills fields</subfield></datafield><datafield ind1=" " ind2=" " tag="260"><subfield code="a">Batavia</subfield><subfield code="b">Fermi National Accelerator Lab</subfield><subfield code="c">1977</subfield></datafield><datafield ind1=" " ind2=" " tag="300"><subfield code="a">20 p</subfield></datafield><datafield ind1=" " ind2=" " tag="490"><subfield code="a">77/Lo4-thy</subfield></datafield><datafield ind1=" " ind2=" " tag="700"><subfield code="a">Bartels, Jochen</subfield></datafield><datafield ind1=" " ind2=" " tag="852"><subfield code="a">55740</subfield></datafield><datafield ind1=" " ind2=" " tag="CAT"><subfield code="a">SYS</subfield><subfield code="c">20170108</subfield><subfield code="h">122759</subfield></datafield></record></collection>